
@misc{silver_lecture_2015,
  title = {Lecture 3: {{Planning}} by {{Dynamic Programming}}},
  author = {Silver, David},
  year = {2015},
  file = {/home/rafael/Zotero/storage/PNSXI4ZD/Silver - Lecture 3 Planning by Dynamic Programming.pdf},
  keywords = {used},
  language = {en}
}

@misc{silver_lecture_2015-1,
  title = {Lecture 2: {{Markov Decision Processes}}},
  author = {Silver, David},
  year = {2015},
  file = {/home/rafael/Zotero/storage/F4KFMGWN/Silver - Lecture 2 Markov Decision Processes.pdf},
  keywords = {used},
  language = {en}
}

@misc{silver_lecture_2015-2,
  title = {Lecture 1: {{Introduction}} to {{Reinforcement Learning}}},
  author = {Silver, David},
  year = {2015},
  file = {/home/rafael/Zotero/storage/KM9NU3RP/Silver - Lecture 1 Introduction to Reinforcement Learning.pdf},
  keywords = {used},
  language = {en}
}

@misc{silver_lecture_2015-3,
  title = {Lecture 7: {{Policy Gradient}}},
  author = {Silver, David},
  year = {2015},
  file = {/home/rafael/Zotero/storage/TDETDWWF/Silver - Lecture 7 Policy Gradient.pdf},
  keywords = {used},
  language = {en}
}


